1397 2363
86 48 134 101 162
191 36 372 95 EXPOSlTiO
391 36 616 98 cummutatio·

87 143 167 204 cinxi,
174 140 259 195 balteo
266 142 462 197 moneaminiut
472 142 584 214 expediti
597 142 648 198 fitis
661 148 688 201 δε

88 218 183 276 alacres
190 213 224 269 ad
232 214 409 269 dimicandum
424 231 512 272 contra
524 219 686 274 veritatisho·

88 293 151 348 stes,
165 289 285 361 quinimo
291 304 318 345 ut
327 306 419 347 contra
431 292 493 345 vitia
504 295 530 346 dt
545 296 687 364 corruptio.

89 364 212 433 neshujus
225 362 303 418 seculi
316 367 387 418 omni
397 363 505 418 laterum
521 370 690 422 contentione

90 439 217 513 pugnetis,
230 455 315 492 nevos
328 436 474 510 rapidissimi
484 445 603 496 torrentis
614 442 675 498 insta

90 515 230 585 abripiant·
267 514 369 567 Etenim
668 539 670 542 f

128 649 141 663 .
178 641 190 657 ·
224 623 235 664 a
270 610 506 683 quantumillebeatus

128 689 236 755 initae
242 684 469 759 infhmesscupuhs&
479 688 654 762 naufragafaxa

100 769 104 773 ⁴
131 759 551 834 hstiuapotuitpraetervexffsecarina.

302 895 519 945 Dureau.
572 863 574 867 ¹

183 983 315 1055 Postremo
326 989 440 1044 dextram
449 988 523 1044 vobis
538 989 652 1061 porrigo,
660 984 689 1041 fi·

96 1067 202 1138 mulque
209 1067 257 1119 hac
263 1063 336 1117 arrha
343 1063 493 1117 ulteriorem
503 1065 599 1119 ordinis
612 1061 689 1115 nostri

98 1140 307 1198 benevolentiam
315 1136 392 1190 vobis
400 1136 537 1198 confirmo.
574 1139 628 1193 Cur
642 1136 693 1189 hoe

96 1217 216 1290 porredia
224 1211 313 1266 dextra
324 1209 458 1280 fignificati
476 1211 602 1267 voluerint
615 1211 692 1276 Maio·

96 1309 137 1347 res
144 1288 223 1343 nostri
233 1303 393 1357 nequaquam
403 1285 465 1340 vero
474 1284 577 1346 finistta;
595 1286 693 1355 ejusr'ei

96 1361 285 1421 ratiodivinatu
299 1360 398 1414 nonest
411 1357 526 1416 difficilis
541 1398 550 1419 ‚
569 1366 694 1436 quoniam

97 1438 189 1495 {cilicet
199 1434 287 1489 dextra
299 1432 358 1505 ipsis
367 1432 415 1488 fuit
426 1433 576 1491 honoratior
589 1436 692 1498 sinistri,

96 1509 172 1587 quod
180 1507 249 1579 apud
258 1510 364 1563 Veteres
372 1521 478 1580 quoque
491 1512 614 1567 Hebraeos
630 1513 693 1567 olim

98 1577 256 1642 obtinuisse,
273 1579 315 1634 vel
326 1580 492 1652 indeliquere
510 1601 602 1655 queat,
621 1587 693 1659 quod

98 1659 226 1714 Salomon
245 1654 417 1709 honoraturus
436 1670 543 1711 matrem
561 1660 693 1716 Bariobam

100 1731 258 1787 dextrorum
265 1728 337 1782 lateri
352 1726 454 1782 affidere
464 1727 564 1798 jusserit.
601 1738 694 1807 Neque

100 1804 190 1862 exhor
199 1801 535 1874 ipsoexemploconttatium
542 1808 692 1879 potiusquis

8 1919 11 1924 ,
99 1874 390 1937 eoncluseriufinisttam
403 1874 694 1937 scilicetfuiisehonora·

101 1957 217 2012 tionem,
230 1950 327 2021 quippe
334 1952 366 2005 ad
373 1968 449 2023 quam
463 1952 542 2012 dubio
550 1959 639 2030 procul
650 1959 695 2010 Sa-

100 2027 194 2083 lomon
207 2023 367 2082 consederit,
385 2042 450 2082 nunc
468 2044 552 2086 autern
571 2032 695 2089 credibile

102 2096 213 2173 piemon
222 2113 331 2157 matrem
338 2101 431 2172 Regis,
446 2098 488 2163 sed
499 2105 596 2181 Regem
608 2108 695 2179 potius

586 2187 588 2190 ’
648 2189 694 2245 ho·
